<record><leader>00000cas a22000007a 4500</leader><controlfield tag="001">15581545</controlfield><controlfield tag="008">870423d19001919msuwr ne      0    0eng d</controlfield><datafield ind1=" " ind2=" " tag="010"><subfield code="a">sn 87065299 </subfield></datafield><datafield ind1=" " ind2=" " tag="040"><subfield code="a">MJA</subfield><subfield code="b">eng</subfield><subfield code="c">MJA</subfield><subfield code="d">MSJ</subfield><subfield code="d">KNP</subfield><subfield code="d">NSD</subfield><subfield code="d">OCLCQ</subfield></datafield><datafield ind1=" " ind2=" " tag="042"><subfield code="a">msc</subfield></datafield><datafield ind1="0" ind2="4" tag="245"><subfield code="a">The Kosciusko herald.</subfield></datafield><datafield ind1=" " ind2=" " tag="260"><subfield code="a">Kosciusko, Miss. :</subfield><subfield code="b">W.M. Noah</subfield></datafield><datafield ind1=" " ind2=" " tag="300"><subfield code="a">v.</subfield></datafield><datafield ind1=" " ind2=" " tag="310"><subfield code="a">Weekly</subfield></datafield><datafield ind1="1" ind2=" " tag="362"><subfield code="a">Began in 1900; ceased in 1919.</subfield></datafield><datafield ind1=" " ind2=" " tag="500"><subfield code="a">"Official organ of Attala County."</subfield></datafield><datafield ind1=" " ind2=" " tag="588"><subfield code="a">Description based on: Vol. 16, no. 4 (Mar. 13, 1915).</subfield></datafield><datafield ind1=" " ind2=" " tag="752"><subfield code="a">United States</subfield><subfield code="b">Mississippi</subfield><subfield code="c">Attala</subfield><subfield code="d">Kosciusko.</subfield></datafield><datafield ind1="0" ind2="0" tag="780"><subfield code="t">Mississippi farmer</subfield><subfield code="w">(DLC)sn 87065303</subfield><subfield code="w">(OCoLC)15581445</subfield></datafield><datafield ind1="0" ind2="7" tag="785"><subfield code="t">Star ledger (Kosciusko, Miss.)</subfield><subfield code="w">(DLC)sn 87065315</subfield><subfield code="w">(OCoLC)15581759</subfield></datafield><datafield ind1="0" ind2="7" tag="785"><subfield code="t">Star-herald (Kosciusko, Miss.)</subfield><subfield code="x">1048-4116</subfield><subfield code="w">(DLC)sn 87065314</subfield><subfield code="w">(OCoLC)15584108</subfield></datafield></record>